@book{sakurai, place={Mass.}, title={Advanced quantum mechanics}, publisher={Addison-Wesley}, author={Sakurai, J. J.}, year={1982}}

@book{drell, place={New York, New York}, title={Relativistic quantum mechanics}, publisher={McGraw-Hill}, author={Drell, Sidney D. and Bjorken, James D.}, year={1965}} 

@book{weinberg, place={Cambridge}, title={The quantum theory of fields}, publisher={Cambridge Univ. Press}, author={Weinberg, Steven}, year={1995}}

@book{halpern_1968, place={Englewood Cliffs, N.J.}, title={Special relativity and quantum mechanics}, publisher={ Prentice-Hall}, author={Halpern, Francis R.}, year={1968}}

@book{jackson_1975, place={New York, N.Y.}, title={Classical electrodynamics}, publisher={J. Wiley}, author={Jackson, J. D.}, year={1975}}

@book{schlosshauer_2010, place={Berlin}, title={Decoherence and the quantum-to-classical transition}, publisher={Springer}, author={Schlosshauer, Maximilian}, year={2010}}

@book{goldstein_1980, place={London}, title={Classical mechanics}, publisher={Addison-Wesley Publishing Company}, author={Goldstein, H.}, year={1980}}

@article{thomas_1926, title={The Motion of the Spinning Electron}, volume={117}, number={2945}, journal={Nature}, author={Thomas, L. H.}, year={1926}, pages={514–514}}

@article{wigner_1939, title={On Unitary Representations of the Inhomogeneous {L}orentz Group}, volume={40}, number={1}, journal={Annals of Mathematics}, author={Wigner, E.}, year={1939}, pages={149–204}}

@book{wigner_1959, place={New York, N.Y.}, title={Group theory and its application to the quantum mechanics of atomic spectra}, publisher={Acadademic Press}, author={Wigner, Eugene Paul}, year={1959}}

@article{czachor_1997, title={Einstein-Podolsky-Rosen-Bohm experiment with relativistic massive particles}, volume={55}, DOI={10.1103/physreva.55.72}, number={1}, journal={Physical Review A}, author={Czachor, Marek}, year={1997}, pages={72–77}}

@article{peres2002, title={Quantum Entropy and Special Relativity}, volume={88}, number={23}, pages={230402}, journal={Physical Review Letters}, author={Peres, Asher and Scudo, Petra F. and Terno, Daniel R.}, year={2002}}

@article{czachor_2005, title={Comment on “Quantum Entropy and Special Relativity”}, volume={94}, DOI={10.1103/physrevlett.94.078901}, number={7}, pages={078901}, journal={Physical Review Letters}, author={Czachor, Marek}, year={2005}}

 @article{gingrich_adami_2002, title={Quantum Entanglement of Moving Bodies}, volume={89}, number={27}, pages={270402}, journal={Physical Review Letters}, author={Gingrich, Robert M. and Adami, Christoph}, year={2002}}

 @article{alsing_milburn_2002, title={Lorentz Invariance of Entanglement}, volume={2}, DOI={10.26421/qic2.6-4}, number={6}, journal={Quantum Information and Computation}, author={Alsing, P.M. and Milburn, G.}, year={2002}, pages={487–512}} 

 @article{dunningham_palge_vedral_2009, title={Entanglement and nonlocality of a single relativistic particle}, volume={80}, DOI={10.1103/physreva.80.044302}, number={4}, journal={Physical Review A}, pages={044302}, author={Dunningham, Jacob and Palge, Veiko and Vedral, Vlatko}, year={2009}} 

 @article{friis_2010, title={Relativistic entanglement of two massive particles}, volume={81}, DOI={10.1103/physreva.81.042114}, number={4}, pages={042114}, journal={Physical Review A}, author={Friis, Nicolai and Bertlmann, Reinhold A. and Huber, Marcus and Hiesmayr, Beatrix C.}, year={2010}} 

@article{saldanha_vedral_2012, title={Physical interpretation of the Wigner rotations and its implications for relativistic quantum information}, volume={14}, number={2},pages={023041}, journal={New Journal of Physics}, author={Saldanha, Pablo L and Vedral, Vlatko}, year={2012}}

@article{saldanha_vedral_2013, title={Wigner rotations and an apparent paradox in relativistic quantum information}, volume={87}, number={4}, pages={042102}, journal={Physical Review A}, author={Saldanha, Pablo L. and Vedral, Vlatko}, year={2013}}

@article{taillebois_avelar_2013, title={Spin-reduced density matrices for relativistic particles}, volume={88}, number={6}, pages={060302}, journal={Physical Review A}, author={Taillebois, E. R. F. and Avelar, A. T.}, year={2013}}

@article{grobe_2014, title={Relativistic spin operators in various electromagnetic environments}, volume={89}, number={5}, pages={052101}, journal={Physical Review A}, author={Bauke, Heiko and Ahrens, Sven and Keitel, Christoph H. and Grobe, Rainer}, year={2014}}

@article{grobe_2014_2, title={What is the relativistic spin operator?}, volume={16}, number={4}, journal={New Journal of Physics}, author={Bauke, Heiko and Ahrens, Sven and Keitel, Christoph H and Grobe, Rainer}, year={2014}, pages={043012}}

@article{foldy_wouthuysen_1950, title={On the Dirac Theory of Spin 1/2 Particles and Its Non-Relativistic Limit}, volume={78}, number={1}, journal={Physical Review}, author={Foldy, Leslie L. and Wouthuysen, Siegfried A.}, year={1950}, pages={29–36}}

@article{hegerfeldt_1985, title={Violation of Causality in Relativistic Quantum Theory?}, volume={54}, DOI={10.1103/physrevlett.54.2395}, number={22}, journal={Physical Review Letters}, author={Hegerfeldt, Gerhard C.}, year={1985}, pages={2395–2398}}

@article{Bernardini_2014,
	doi = {10.1088/0031-8949/89/7/075105},year = 2014,publisher = {{IOP} Publishing},volume = {89},number = {7},pages = {075105},author = {A E Bernardini and S S Mizrahi},title = {Relativistic dynamics compels a thermalized fermi gas to a unique intrinsic parity eigenstate},journal = {Physica Scripta}} 

@article{bittencourt_2016, title={Entanglement of Dirac bi-spinor states driven by Poincaré classes of $\textit{SU}(2)\otimes \textit{SU}(2)$ coupling potentials}, volume={364}, DOI={10.1016/j.aop.2015.11.004}, journal={Annals of Physics}, author={Bittencourt, Victor A.S.V. and Bernardini, Alex E.}, year={2016}, pages={182–199}} 

@article{bittencourt_2018, title={Global Dirac bispinor entanglement under Lorentz boosts}, volume={97}, DOI={10.1103/physreva.97.032106}, number={3}, pages={032106}, journal={Physical Review A}, author={Bittencourt, Victor A. and Bernardini, Alex E. and Blasone, Massimo}, year={2018}} 

@article{brukner_2019spin, title={Relativistic Quantum Reference Frames: The Operational Meaning of Spin}, volume={123}, number={9}, pages={090404}, journal={Physical Review Letters}, author={Giacomini, Flaminia and Castro-Ruiz, Esteban and Brukner, Časlav}, year={2019}}

@article{brukner_2019QRF, title={Quantum mechanics and the covariance of physical laws in quantum reference frames}, volume={10}, number={1}, journal={Nature Communications}, author={Giacomini, Flaminia and Castro-Ruiz, Esteban and Brukner, Časlav}, year={2019}}

@article{matsas_2019, title={Observer dependence of entanglement in nonrelativistic quantum mechanics}, volume={100}, number={6}, pages={062126}, journal={Physical Review A}, author={Zambianco, Matheus H. and Landulfo, André G. S. and Matsas, George E. A.}, year={2019}}

 @article{alberto_1996, title={Relativistic particle in a box}, volume={17}, DOI={10.1088/0143-0807/17/1/004}, number={1}, journal={European Journal of Physics}, author={Alberto, P and Fiolhais, C and Gil, V M}, year={1996}, pages={19–24}} 

 @article{alberto_2011, title={Relativistic particle in a three-dimensional box}, volume={375}, DOI={10.1016/j.physleta.2011.02.030}, number={12}, journal={Physics Letters A}, author={Alberto, Pedro and Das, Saurya and Vagenas, Elias C.}, year={2011}, pages={1436–1440}} 

 @article{wootters_zurek_1979, title={Complementarity in the double-slit experiment: Quantum nonseparability and a quantitative statement of Bohr's principle}, volume={19}, DOI={10.1103/physrevd.19.473}, number={2}, journal={Physical Review D}, author={Wootters, William K. and Zurek, Wojciech H.}, year={1979}, pages={473–484}}

@article{epr_1935, title={Can Quantum-Mechanical Description of Physical Reality Be Considered Complete?}, volume={47}, number={10}, journal={Physical Review}, author={Einstein, A. and Podolsky, B. and Rosen, N.}, year={1935}, pages={777–780}}

@article{bohr_1935, title={Can Quantum-Mechanical Description of Physical Reality be Considered Complete?}, volume={48}, number={8}, journal={Physical Review}, author={Bohr, N.}, year={1935}, pages={696–702}}

@article{bell_1964, title={On the {E}instein {P}odolsky {R}osen paradox}, volume={1}, number={3}, journal={Physics}, author={Bell, J. S.}, year={1964}, pages={195–200}}

@article{bilobran_angelo_2015, title={A measure of physical reality}, volume={112}, number={4}, journal={EPL (Europhysics Letters)}, author={Bilobran, A. L. O. and Angelo, R. M.}, year={2015}, pages={40005}}

@article{gomes_angelo_2018, title={Nonanomalous measure of realism-based nonlocality}, volume={97}, number={1}, journal={Physical Review A}, author={Gomes, V. S. and Angelo, R. M.}, year={2018}}

@article{dieguez_angelo_2018, title={Information-reality complementarity: The role of measurements and quantum reference frames}, volume={97}, number={2}, journal={Physical Review A}, author={Dieguez, P. R. and Angelo, R. M.}, year={2018}}

@book{redhead_1989, place={Oxford}, title={Incompleteness, nonlocality, and realism}, publisher={Oxford University Press}, author={Redhead, Michael}, year={1989}}

@article{vaidman_1996, title={Weak-measurement elements of reality}, volume={26}, number={7}, journal={Foundations of Physics}, author={Vaidman, Lev}, year={1996}, pages={895–906}}

@article{visser_2011, title={Elementary analysis of the special relativistic combination of velocities, Wigner rotation and Thomas precession}, volume={32}, number={4}, journal={European Journal of Physics}, author={O’Donnell, Kane and Visser, Matt}, year={2011}, pages={1033–1047}}

@article{rebilas_2013, title={Comment on ‘Elementary analysis of the special relativistic combination of velocities, Wigner rotation and Thomas precession’}, volume={34}, number={3}, pages={1033}, journal={European Journal of Physics}, author={Rebilas, Krzysztof}, year={2013}}

@article{mocanu_1992, title={On the relativistic velocity composition paradox and the Thomas rotation}, volume={5}, number={5}, journal={Foundations of Physics Letters}, author={Mocanu, Constantin I.}, year={1992}, pages={443–456}}

@article{yarman_2020, title={The relativistic mechanism of the Thomas–Wigner rotation and Thomas precession}, volume={41}, number={5}, journal={European Journal of Physics}, author={Kholmetskii, Alexander L and Yarman, Tolga}, year={2020}, pages={055601}}

@article{baumgratz_2014, title={Quantifying Coherence}, volume={113}, number={14}, pages={140401}, journal={Physical Review Letters}, author={Baumgratz, T. and Cramer, M. and Plenio, M. B.}, year={2014}}

@article{angelo_ribeiro_2015, title={Wave–Particle Duality: An Information-Based Approach}, volume={45}, number={11}, journal={Foundations of Physics}, author={Angelo, R. M. and Ribeiro, A. D.}, year={2015}, pages={1407–1420}}

@article{shannon_1948, title={A Mathematical Theory of Communication}, volume={27}, number={4}, journal={Bell System Technical Journal}, author={Shannon, C. E.}, year={1948}, pages={623-656}}

@article{ollivier_zurek_2001, title={Quantum Discord: A Measure of the Quantumness of Correlations}, volume={88}, number={1}, pages={017901}, journal={Physical Review Letters}, author={Ollivier, Harold and Zurek, Wojciech H.}, year={2001}}

@article{henderson_vedral_2001, title={Classical, quantum and total correlations}, volume={34}, number={35}, journal={Journal of Physics A: Mathematical and General}, author={Henderson, L and Vedral, V}, year={2001}, pages={6899–6905}}

@article{rulli_sarandy_2011, title={Global quantum discord in multipartite systems}, volume={84}, number={4}, pages={042109}, journal={Physical Review A}, author={Rulli, C. C. and Sarandy, M. S.}, year={2011}}

@article{freire_angelo_2019, title={Quantifying continuous-variable realism}, volume={100}, number={2}, pages={022105}, journal={Physical Review A}, author={Freire, I. S. and Angelo, R. M.}, year={2019}}

@article{costa_angelo_2020, title={Information-based approach towards a unified resource theory}, volume={19}, number={9}, pages={325}, journal={Quantum Information Processing}, author={Costa, A. C. S. and Angelo, R. M.}, year={2020}}

@article{petreca_2021,
author = {Alexandra T. Petreca and Gabriel Cardoso and Fernando P. Devecchi and Renato M. Angelo},
title = {Genuine multipartite entanglement and quantum coherence in an electron-positron system: relativistic covariance},
year = {arXiv:2111.13614 [quant-ph], 2021}
}

@article{savi_angelo_2021, title={Quantum resource covariance}, volume={103}, number={2}, pages={022220}, journal={Physical Review A}, author={Savi, M. F. and Angelo, R. M.}, year={2021}}

@article{horodecki_2009,
  title = {Quantum entanglement},
  author = {Horodecki, Ryszard and Horodecki, Pawe\l{} and Horodecki, Micha\l{} and Horodecki, Karol},
  journal = {Reviews of Modern Physics},
  volume = {81},
  number = {2},
  pages = {865--942},
  year = {2009},
  publisher = {American Physical Society},
}

@article{gisin_2002,
  title = {Quantum cryptography},
  author = {Gisin, Nicolas and Ribordy, Gr\'egoire and Tittel, Wolfgang and Zbinden, Hugo},
  journal = {Reviews of Modern Physics},
  volume = {74},
  number = {1},
  pages = {145--195},
  year = {2002},
  publisher = {American Physical Society}
}

@article{pironio_2010, title={Random numbers certified by Bell’s theorem}, volume={464}, number={7291}, journal={Nature}, author={Pironio, S. and Acín, A. and Massar, S. and Giroday, A. Boyer De La and Matsukevich, D. N. and Maunz, P. and Olmschenk, S. and Hayes, D. and Luo, L. and Manning, T. A. and et al.}, year={2010}, pages={1021–1024}}

@article{toth_2014, title={Quantum metrology from a quantum information science perspective}, volume={47}, number={42}, journal={Journal of Physics A: Mathematical and Theoretical}, author={Tóth, Géza and Apellaniz, Iagoba}, year={2014}, pages={424006}}

@article{marvian_2016,
  title = {How to quantify coherence: Distinguishing speakable and unspeakable notions},
  author = {Marvian, Iman and Spekkens, Robert W.},
  journal = {Physical Review A},
  volume = {94},
  number = {5},
  pages = {052324},
  numpages = {23},
  year = {2016},
  publisher = {American Physical Society},
  doi = {10.1103/PhysRevA.94.052324},
  url = {https://link.aps.org/doi/10.1103/PhysRevA.94.052324}
}

@article{brunner_2014,
  title = {Bell nonlocality},
  author = {Brunner, Nicolas and Cavalcanti, Daniel and Pironio, Stefano and Scarani, Valerio and Wehner, Stephanie},
  journal = {Reviews of Modern Physics},
  volume = {86},
  number = {2},
  pages = {419-478},
  numpages = {60},
  year = {2014},
  publisher = {American Physical Society},
  doi = {10.1103/RevModPhys.86.419},
  url = {https://link.aps.org/doi/10.1103/RevModPhys.86.419}
}

@article{li_du_2003,
  title = {Relativistic invariant quantum entanglement between the spins of moving bodies},
  author = {Li, Hui and Du, Jiangfeng},
  journal = {Physical Review A},
  volume = {68},
  number = {2},
  pages = {022108},
  numpages = {4},
  year = {2003},
  publisher = {American Physical Society},
  doi = {10.1103/PhysRevA.68.022108},
  url = {https://link.aps.org/doi/10.1103/PhysRevA.68.022108}
}

@article{lee_young_2004, title={Quantum entanglement under Lorentz boost}, volume={67}, number ={6}, pages={1367-2630}, journal={New Journal of Physics}, author={Lee, Daeho and Chang-Young, Ee}, year={2004}, pages={67–67}}

@article{caban_2005,
  title = {Lorentz-covariant reduced spin density matrix and Einstein-Podolsky-Rosen--Bohm correlations},
  author = {Caban, Pawe\l{} and Rembieli\ifmmode \acute{n}\else \'{n}\fi{}ski, Jakub},
  journal = {Physical Review A},
  volume = {72},
  number = {1},
  pages = {012103},
  numpages = {7},
  year = {2005},
  publisher = {American Physical Society},
  doi = {10.1103/PhysRevA.72.012103},
  url = {https://link.aps.org/doi/10.1103/PhysRevA.72.012103}
}

@article{jordan_2007,
  title = {Lorentz transformations that entangle spins and entangle momenta},
  author = {Jordan, Thomas F. and Shaji, Anil and Sudarshan, E. C. G.},
  journal = {Physical Review A},
  volume = {75},
  number = {2},
  pages = {022101},
  numpages = {5},
  year = {2007},
  publisher = {American Physical Society},
  doi = {10.1103/PhysRevA.75.022101},
  url = {https://link.aps.org/doi/10.1103/PhysRevA.75.022101}
}

@article{chakrabarti_2009, title={Entangled states, Lorentz transformations and spin precession in magnetic fields}, volume={42}, number={24}, journal={Journal of Physics A: Mathematical and Theoretical}, author={Chakrabarti, A}, year={2009}, pages={245205}}

@article{choi_2011,
  title = {Relativistic effects on the spin entanglement of two massive Dirac particles},
  author = {Choi, Taeseung and Hur, Jin and Kim, Jaewan},
  journal = {Physical Review A},
  volume = {84},
  number = {1},
  pages = {012334},
  numpages = {5},
  year = {2011},
  publisher = {American Physical Society},
  doi = {10.1103/PhysRevA.84.012334},
  url = {https://link.aps.org/doi/10.1103/PhysRevA.84.012334}
}

@article{palge_dunningham_2015, title={Behavior of Werner states under relativistic boosts}, volume={363}, journal={Annals of Physics}, author={Palge, Veiko and Dunningham, Jacob}, year={2015}, pages={275–304}}

@article{palge_2018,
  title = {Relativistic entanglement of two particles driven by continuous product momenta},
  author = {Palge, Veiko and Dunningham, Jacob and Groote, Stefan and Liivat, Hannes},
  journal = {Physical Review A},
  volume = {98},
  number = {5},
  pages = {052322},
  numpages = {17},
  year = {2018},
  publisher = {American Physical Society},
  doi = {10.1103/PhysRevA.98.052322},
  url = {https://link.aps.org/doi/10.1103/PhysRevA.98.052322}
}

@article{fan_li_2018,
  title = {Relativistic effect of entanglement in fermion-fermion scattering},
  author = {Fan, Jinbo and Li, Xinfei},
  journal = {Physical Review D},
  volume = {97},
  number = {1},
  pages = {016011},
  numpages = {9},
  year = {2018},
  publisher = {American Physical Society},
  doi = {10.1103/PhysRevD.97.016011},
  url = {https://link.aps.org/doi/10.1103/PhysRevD.97.016011}
}

@article{peres_2005,
  title = {Peres, Scudo, and Terno Reply:},
  author = {Peres, Asher and Scudo, Petra F. and Terno, Daniel R.},
  journal = {Physical Review Letters},
  volume = {94},
  number = {7},
  pages = {078902},
  numpages = {1},
  year = {2005},
  publisher = {American Physical Society},
  doi = {10.1103/PhysRevLett.94.078902},
  url = {https://link.aps.org/doi/10.1103/PhysRevLett.94.078902}
}

@article{bittencourt_2020, title={Single particle entanglement of a massive relativistic particle: Dirac bispinors and spin 1/2 states}, volume={1612}, number={1}, journal={Journal of Physics: Conference Series}, author={Bittencourt, Victor A S V and Blasone, Massimo}, year={2020}, pages={012003}}

@article{bernardini_bittencourt_2020, title={Lorentz invariant quantum concurrence for $\textit{SU}(2) \otimes \textit{SU}(2)$ spin–parity states}, volume={135}, number={3}, pages={320}, journal={The European Physical Journal Plus}, author={Bernardini, Alex E. and Bittencourt, Victor A. S. V. and Blasone, Massimo}, year={2020}}

@article{peres_2004,
  title = {Quantum information and relativity theory},
  author = {Peres, Asher and Terno, Daniel R.},
  journal = {Reviews of Modern Physics},
  volume = {76},
  number = {1},
  pages = {93--123},
  numpages = {0},
  year = {2004},
  publisher = {American Physical Society},
  doi = {10.1103/RevModPhys.76.93},
  url = {https://link.aps.org/doi/10.1103/RevModPhys.76.93}
}

@article{friis_2012,
  title = {Motion generates entanglement},
  author = {Friis, Nicolai and Bruschi, David Edward and Louko, Jorma and Fuentes, Ivette},
  journal = {Physical Review D},
  volume = {85},
  number = {8},
  pages = {081701},
  numpages = {5},
  year = {2012},
  publisher = {American Physical Society},
  doi = {10.1103/PhysRevD.85.081701},
  url = {https://link.aps.org/doi/10.1103/PhysRevD.85.081701}
}

@article{alsing_2012, title={Observer-dependent entanglement}, volume={29}, DOI={10.1088/0264-9381/29/22/224001}, number={22}, journal={Classical and Quantum Gravity}, author={Alsing, Paul M and Fuentes, Ivette}, year={2012}, pages={224001}}

@article{chitambar_2019,
  title = {Quantum resource theories},
  author = {Chitambar, Eric and Gour, Gilad},
  journal = {Reviews of Modern Physics},
  volume = {91},
  number = {2},
  pages = {025001},
  numpages = {48},
  year = {2019},
  publisher = {American Physical Society},
  doi = {10.1103/RevModPhys.91.025001},
  url = {https://link.aps.org/doi/10.1103/RevModPhys.91.025001}
}

@article{kim_son_2005, title={Lorentz-invariant {B}ell’s inequality}, volume={71}, DOI={10.1103/physreva.71.014102}, number={1}, pages={014102}, journal={Physical Review A}, author={Kim, Won Tae and Son, Edwin J.}, year={2005}}

@article{brukner_2021, title={Relativistic {B}ell Test within Quantum Reference Frames}, volume={126}, DOI={10.1103/physrevlett.126.230403}, number={23}, pages={230403}, journal={Physical Review Letters}, author={Streiter, Lucas F. and Giacomini, Flaminia and Brukner, Časlav}, year={2021}}

@article{gonera_2004, title={Special relativity and reduced spin density matrices}, volume={70}, DOI={10.1103/physreva.70.034102}, number={3}, pages={034102}, journal={Physical Review A}, author={Gonera, Cezary and Kosiński, Piotr and Maślanka, Paweĺ}, year={2004}}

@article{camalet_2018,
  title = {Internal Entanglement and External Correlations of Any Form Limit Each Other},
  author = {Camalet, S.},
  journal = {Physical Review Letters},
  volume = {121},
  number = {6},
  pages = {060504},
  numpages = {6},
  year = {2018},
  publisher = {American Physical Society},
  doi = {10.1103/PhysRevLett.121.060504},
  url = {https://link.aps.org/doi/10.1103/PhysRevLett.121.060504}
}

@article{zhu_2020,
  title = {Realization of the tradeoff between internal and external entanglement},
  author = {Zhu, Jie and Hu, Meng-Jun and Dai, Yue and Bai, Yan-Kui and Camalet, S. and Zhang, Chengjie and Li, Chuan-Feng and Guo, Guang-Can and Zhang, Yong-Sheng},
  journal = {Physical Review Research},
  volume = {2},
  number = {4},
  pages = {043068},
  numpages = {10},
  year = {2020},
  publisher = {American Physical Society},
  doi = {10.1103/PhysRevResearch.2.043068},
  url = {https://link.aps.org/doi/10.1103/PhysRevResearch.2.043068}
}

@article{ji_2003, title={An electronic Mach–Zehnder interferometer}, volume={422}, number={6930}, journal={Nature}, author={Ji, Yang and Chung, Yunchul and Sprinzak, D. and Heiblum, M. and Mahalu, D. and Shtrikman, Hadas}, year={2003}, pages={415–418}}
